<record><leader>00000cas a22000007a 4500</leader><controlfield tag="001">24579000</controlfield><controlfield tag="008">911017d18951902mouwr ne      0    0eng d</controlfield><datafield ind1=" " ind2=" " tag="010"><subfield code="a">sn 91061042 </subfield></datafield><datafield ind1=" " ind2=" " tag="040"><subfield code="a">MQN</subfield><subfield code="b">eng</subfield><subfield code="c">MQN</subfield><subfield code="d">OCLCQ</subfield></datafield><datafield ind1=" " ind2=" " tag="042"><subfield code="a">msc</subfield></datafield><datafield ind1="0" ind2=" " tag="130"><subfield code="a">Leader-Democrat (Springfield, Mo. : Weekly)</subfield></datafield><datafield ind1="1" ind2="4" tag="245"><subfield code="a">The leader-Democrat.</subfield></datafield><datafield ind1=" " ind2=" " tag="260"><subfield code="a">Springfield, Mo. :</subfield><subfield code="b">J.B. Jewell,</subfield><subfield code="c">1895-1902.</subfield></datafield><datafield ind1=" " ind2=" " tag="300"><subfield code="a">v.</subfield></datafield><datafield ind1=" " ind2=" " tag="310"><subfield code="a">Weekly</subfield></datafield><datafield ind1="0" ind2=" " tag="362"><subfield code="a">July 19, 1895- ; -v. 40, no. 50 (Apr. 11, 1902).</subfield></datafield><datafield ind1=" " ind2="4" tag="651"><subfield code="a">Springfield (Mo.)</subfield><subfield code="v">Newspapers.</subfield></datafield><datafield ind1=" " ind2=" " tag="752"><subfield code="a">United States</subfield><subfield code="b">Missouri</subfield><subfield code="c">Greene</subfield><subfield code="d">Springfield.</subfield></datafield><datafield ind1="0" ind2=" " tag="775"><subfield code="t">Leader-Democrat (Springfield, Mo. : Daily)</subfield><subfield code="w">(DLC)sn 90061646</subfield></datafield><datafield ind1="0" ind2="4" tag="780"><subfield code="t">Springfield leader (Springfield, Mo. : 1867)</subfield><subfield code="w">(DLC)sn 85034120</subfield></datafield><datafield ind1="0" ind2="4" tag="780"><subfield code="t">Twice-a-week Springfield Democrat</subfield><subfield code="w">(DLC)sn 91061046</subfield></datafield><datafield ind1="0" ind2="0" tag="785"><subfield code="t">Springfield leader and Democrat (Springfield, Mo. : Weekly)</subfield><subfield code="w">(DLC)sn 91061043</subfield></datafield><datafield ind1="1" ind2=" " tag="029"><subfield code="a">AU@</subfield><subfield code="b">000025897223</subfield></datafield></record>